@Book{pirolli07,
  author = {Peter Pirolli},
  title = {Information Foraging Theory: Adaptive Interaction with Information},
  publisher = {Oxford University Press},
  year = {2007},
}

@Book{yin03,
  author = {Robert K. Yin},
  title = {Case Study Research: Design and Methods},
  publisher = {Sage Publications},
  year = {2003},
}

@article{Hayes-TSE06,
  author = {Jane Huffman Hayes and Alex Dekhtyar and Senthil Karthikeyan Sundaram},
  title = {Advancing Candidate Link Generation for Requirements Tracing: the Study of Methods},
  journal = {IEEE Transactions on Software Engineering},
  volume = {32},
  number = {1},
  month = {January},
  year = {2006},
  pages = {4--19},
}

@inproceedings{pfis1a,
  title={Using information scent to model the dynamic foraging behavior of programmers in maintenance tasks},
  author={Joseph Lawrance and Rachel K. E. Bellamy and Margaret M. Burnett and Kyle Rector},
  booktitle={Conference on Human Factors in Computing Systems (CHI)},
  pages={1323--1332},
  month={April},
  year={2008},
  address={Florence, Italy}
}

@article{ICSE46,
  title={Strategic traceability for safety-critical projects},
  author={Patrick M{\"{a}}der and Paul L. Jones and Yi Zhang and Jane Cleland-Huang},
  journal={IEEE Software},
  volume={30},
  number={3},
  pages={58--66},
  month={May/June},
  year={2013},
}

@inproceedings{ICSE25,
  title={Case studies in just-in-time requirements analysis},
  author={Neil A. Ernst and Gail C. Murphy},
  booktitle={International Workshop on Empirical Requirements Engineering (EmpiRE)},
  pages={25--32},
  month={September},
  year={2012},
  organization={Chicago, IL, USA}
}

@inproceedings{ICSE5,
  title={Ongoing software development without classical requirements},
  author={Thomas A. Alspaugh and Walt Scacchi},
  booktitle={International Requirements Engineering Conference (RE)},
  pages={165--174},
  month={July},
  year={2013},
  address={Rio de Janeiro, Brazil}
}

@inproceedings{ICSE33,
  title={An analysis of requirements evolution in open source projects: recommendations for issue trackers},
  author={Petra Heck and Andy Zaidman},
  booktitle={International Workshop on Principles of Software Evolution (IWPSE)},
  pages={43--52},
  month={August},
  year={2013},
  address={Saint Petersburg, Russia}
}

@inproceedings{Malviya-RE17,
  author = {Sugandha Malviya and Michael Vierhauser and Jane Cleland-Huang and Smita Ghaisas},
  title = {What Questions do Requirements Engineers Ask?},
  booktitle = {International Requirements Engineering Conference (RE)},
  month = {September},
  pages = {100--109},
  year = {2017},
  address = {Lisbon, Portugal},
}

@article{Pruski-REJ15,
  author = {Piotr Pruski and Sugandha Lohar and William Goss and Alexander Rasin and Jane Cleland-Huang},
  title = {{TiQi}: answering unstructured natural language trace queries},
  journal = {Requirements Engineering},
  volume = {20},
  number = {3},
  month = {September},
  year = {2015},
  pages = {215--232},
}

@inproceedings{Lohar-REFSQ16,
  author = {Sugandha Lohar},
  title = {Supporting Natural Language Queries across the Requirements Engineering Process},
  booktitle = {International Working Conference on Requirements Engineering: Foundation for Software Quality (REFSQ) Doctoral Symposium},
  month = {March},
  year = {2016},
  address = {Gothenburg, Sweden},
}

@article{ICSE40,
  title={Patterns of continuous requirements clarification},
  author={Eric Knauss and Daniela Damian and Jane Cleland-Huang and Remko Helms},
  journal={Requirements Engineering},
  volume={20},
  number={4},
  pages={383--403},
  month={November},
  year={2015},
}

@article{Chakrabarti-CSUR06,
  author = {Deepayan Chakrabarti and Christos Faloutsos},
  title = {Graph mining: laws, generators, and algorithms},
  journal = {ACM Computing Surveys},
  volume = {38},
  number = {1},
  month = {March},
  year = {2006},
  pages = {{$\,$Article 2}},
}

@article{ICSE60,
  title={Preventing defects: the impact of requirements traceability completeness on software quality},
  author={Patrick Rempel and Patrick M{\"a}der},
  journal={IEEE Transactions on Software Engineering},
  volume={43},
  number={8},
  pages={777--797},
  month={August},
  year={2017},
}

@article{ICSE62,
  title={Understanding the requirements for developing open source software systems},
  author={Walt Scacchi},
  journal={IET Software},
  volume={149},
  number={1},
  pages={24--39},
  month={February},
  year={2002},
}

@article{Fritz-TOSEM14,
  author = {Thomas Fritz and Gail C. Murphy and Emerson R. Murphy-Hill and Jingwen Ou and Emily Hill},
  title = {Degree-of-knowledge: modeling a developer's knowledge of code},
  journal = {ACM Transactions on Software Engineering and Methodology},
  volume = {23},
  number = {2},
  month = {March},
  year = {2014},
  pages = {{Article 14}},
}

@article{Fleming-TOSEM13,
  author = {Scott D. Fleming and Christopher Scaffidi and David Piorkowski and Margaret M. Burnett and Rachel K. E. Bellamy and Joseph Lawrance and Irwin Kwan},
  title = {An Information Foraging Theory Perspective on Tools for Debugging, Refactoring, and Reuse Tasks},
  journal = {ACM Transactions on Software Engineering and Methodology},
  volume = {22},
  number = {2},
  month = {March},
  year = {2013},
  pages = {{Article 14}},
}

@inproceedings{Dekhtyar-RE11,
  author = {Alex Dekhtyar and Olga Dekhtyar and Jeff Holden and Jane Huffman Hayes and David Cuddeback and Wei-Keat Kong},
  title = {On human analyst performance in assisted requirements tracing: statistical analysis},
  booktitle = {International Requirements Engineering Conference (RE)},
  month = {August-September},
  pages = {111--120},
  year = {2011},
  address = {Trento, Italy},
}

@article{ICSE15,
  title={Recovering from a decade: a systematic mapping of information retrieval approaches to software traceability},
  author={Markus Borg and Per Runeson and Anders Ard{\"{o}}},
  journal={Empirical Software Engineering},
  volume={19},
  number={6},
  pages={1565--1616},
  month={December},
  year={2014},
}

@inproceedings{ICSE29,
  title={Contribution structures},
  author={Orlena Gotel and Anthony Finkelstein},
  booktitle={International Symposium on Requirements Engineering (RE)},
  pages={100--107},
  month={March},
  year={1995},
  address={York, UK}
}

@inproceedings{ICSE30,
  title={An analysis of the requirements traceability problem},
  author={Orlena Gotel and Anthony Finkelstein},
  booktitle={International Conference on Requirements Engineering (ICRE)},
  pages={94--101},
  month={April},
  year={1994},
  address={Colorado Springs, CO, USA}
}

@misc{ICSE7,
  title = {Apache Software Foundation},
  howpublished = {\url{http://www.apache.org}},
  note = {Accessed: Apr 2018}
}

@misc{ICSE38,
  title = {{JBoss} Family of Lightweight Cloud-Friendly Enterprise-Grade Products},
  howpublished = {\url{http: //www.jboss.org}},
  note = {Accessed: Apr 2018}
}

@misc{politicoFacebook,
  title = {Key moments from {M}ark {Z}uckerberg's Senate testimony},
  howpublished = {\url{https://www.politico.com/story/2018/04/10/zuckerberg-senate-testimony-facebook-key-moments-512334?cid=apn}},
  note = {Accessed: Apr 2018},
  author = "Quint Forgey and Aubree Eliza Weaver",
  editor = "POLITICO",
  month = "April",
  year = "2018"
}

@inproceedings{navValueCost,
  title={Foraging and navigations, fundamentally: developers' predictions of value and cost},
  author={David Piorkowski and Austin Z. Henley and Tahmid Nabi and Scott D. Fleming and Christopher Scaffidi and Margaret M. Burnett},
  booktitle={International Symposium on Foundations of Software Engineering (FSE)},
  pages={97--108},
  month={November},
  year={2016},
  address={Seattle, WA, USA}
}

@article{pfisRevisit,
  title={How programmers debug, revisited: an information foraging theory perspective},
  author={Joseph Lawrance and Christopher Bogart and Margaret M. Burnett and Rachel K. E. Bellamy and Kyle Rector and Scott D. Fleming},
  journal={IEEE Transactions on Software Engineering},
  volume={39},
  number={2},
  pages={197--215},
  month={February},
  year={2013}
}

@inproceedings{jin2016impact,
  title={On the impact of social network information diversity on end-user programming productivity: a foraging-theoretic study},
  author={Jin, Xiaoyu and Niu, Nan and Wagner, Michael},
  booktitle={Proceedings of the 8th International Workshop on Social Software Engineering},
  pages={15--21},
  year={2016},
  organization={ACM}
}

@inproceedings{jin2017facilitating,
  title={Facilitating end-user developers by estimating time cost of foraging a webpage},
  author={Jin, Xiaoyu and Niu, Nan and Wagner, Michael},
  booktitle={Visual Languages and Human-Centric Computing (VL/HCC), 2017 IEEE Symposium on},
  pages={31--35},
  year={2017},
  organization={IEEE}
}

@inproceedings{pfis3a,
  title={Modeling programmer navigation: a head-to-head empirical evaluation of predictive models},
  author={David Piorkowski and Scott D. Fleming and Christopher Scaffidi and Liza John and Christopher Bogart and Bonnie E. John and Margaret M. Burnett and Rachel K. E. Bellamy},
  booktitle={IEEE Symposium on Visual Languages and Human-Centric Computing (VL/HCC)},
  pages={109--116},
  month={September},
  year={2011},
  address={Pittsburgh, PA, USA}
}

@inproceedings{pfis3b,
  title={Reactive information foraging: An empirical investigation of theory-based recommender systems for programmers},
  author={Piorkowski, David and Fleming, Scott and Scaffidi, Christopher and Bogart, Christopher and Burnett, Margaret and John, Bonnie and Bellamy, Rachel and Swart, Calvin},
  booktitle={Proceedings of the SIGCHI Conference on Human Factors in Computing Systems},
  pages={1471--1480},
  year={2012},
  organization={ACM}
}

@article{mcmillan2013portfolio,
  title={Portfolio: Searching for relevant functions and their usages in millions of lines of code},
  author={Mcmillan, Collin and Poshyvanyk, Denys and Grechanik, Mark and Xie, Qing and Fu, Chen},
  journal={ACM Transactions on Software Engineering and Methodology (TOSEM)},
  volume={22},
  number={4},
  pages={37},
  year={2013},
  publisher={ACM}
}

@inproceedings{codebook10,
  title={Codebook: discovering and exploiting relationships in software repositories},
  author={Andrew Begel and Yit Phang Khoo and Thomas Zimmermann},
  booktitle={International Conference on Software Engineering (ICSE)},
  pages={125--134},
  month={May},
  year={2010},
  address={Cape Town, South Africa}
}

@inproceedings{codebook,
  title={Codebook: social networking over code},
  author={Andrew Begel and Robert DeLine},
  booktitle={International Conference on Software Engineering (ICSE)},
  pages={263--266},
  month={May},
  year={2009},
  address={Vancouver, Canada}
}

@inproceedings{ift,
  title={Information foraging in information access environments},
  author={Peter Pirolli and Stuart K. Card},
  booktitle={Conference on Human Factors in Computing Systems (CHI)},
  pages={51--58},
  month={May},
  year={1995},
  address={Denver, CO, USA}
}
@inproceedings{wufis,
  title={Using information scent to model user information needs and actions and the Web},
  author={Ed Huai Chi and Peter Pirolli and Kim Chen and James E. Pitkow},
  booktitle={Conference on Human Factors in Computing Systems (CHI)},
  pages={490--497},
  month={March-April},
  year={2001},
  address={Seattle, WA, USA}
}

@inproceedings{pirolliWeb,
  title={Computational models of information scent-following in a very large browsable text collection},
  author={Peter Pirolli},
  booktitle={Conference on Human Factors in Computing Systems (CHI)},
  pages={3--10},
  month={March},
  year={1997},
  address={Atlanta, GA, USA}
}

@inproceedings{pfis2,
  title={Reactive information foraging for evolving goals},
  author={Joseph Lawrance and Margaret M. Burnett and Rachel K. E. Bellamy and Christopher Bogart and Calvin Swart},
  booktitle={Conference on Human Factors in Computing Systems (CHI)},
  pages={25--34},
  month={April},
  year={2010},
  address={Atlanta, GA, USA}
}

@inproceedings{Ragavan-CHI17,
  title={{PFIS-V}: modeling foraging behavior in the presence of variants},
  author={Sruti Srinivasa Ragavan and Bhargav Pandya and David Piorkowski and Charles Hill and Sandeep Kaur Kuttal and Anita Sarma and Margaret M. Burnett},
  booktitle={Conference on Human Factors in Computing Systems (CHI)},
  pages={6232--6244},
  month={May},
  year={2017},
  address={Denver, CO, USA}
}

@inproceedings{Ragavan-CHI16,
  title={Foraging Among an Overabundance of Similar Variants},
  author={Sruti Srinivasa Ragavan and Sandeep Kaur Kuttal and Charles Hill and Anita Sarma and David Piorkowski and Margaret M. Burnett},
  booktitle={Conference on Human Factors in Computing Systems (CHI)},
  pages={3509--3521},
  month={May},
  year={2016},
  address={San Jose, CA, USA}
}

@inproceedings{herbsleb16,
  title={Building a socio-technical theory of coordination: why and how (outstanding research award)},
  author={Herbsleb, James},
  booktitle={Proceedings of the 2016 24th ACM SIGSOFT International Symposium on Foundations of Software Engineering},
  pages={2--10},
  year={2016},
  organization={ACM}
}

@article{herbsleb01,
  title={Introducing Instant Messaging and Chat in the Workplace},
  author={Herbsleb, James D and Atkins, David L and Boyer, David G and Handel, Mark and Finholt, Thomas A},
  journal={Ann Arbor},
  volume={1001},
  pages={48109},
  year={2001}
}

@article{herbsleb03,
  title={An empirical study of speed and communication in globally distributed software development},
  author={Herbsleb, James D. and Mockus, Audris},
  journal={IEEE Transactions on software engineering},
  volume={29},
  number={6},
  pages={481--494},
  year={2003},
  publisher={IEEE}
}

@inproceedings{herbsleb02,
  title={Expertise browser: a quantitative approach to identifying expertise},
  author={Mockus, Audris and Herbsleb, James D},
  booktitle={Proceedings of the 24th international conference on software engineering},
  pages={503--512},
  year={2002},
  organization={ACM}
}

@inproceedings{herbsleb09,
  title={Tesseract: Interactive visual exploration of socio-technical relationships in software development},
  author={Sarma, Anita and Maccherone, Larry and Wagstrom, Patrick and Herbsleb, James},
  booktitle={Software Engineering, 2009. ICSE 2009. IEEE 31st International Conference on},
  pages={23--33},
  year={2009},
  organization={IEEE}
}

@inproceedings{herbsleb14,
  title={Influence of social and technical factors for evaluating contribution in GitHub},
  author={Tsay, Jason and Dabbish, Laura and Herbsleb, James},
  booktitle={Proceedings of the 36th international conference on Software engineering},
  pages={356--366},
  year={2014},
  organization={ACM}
}

@inproceedings{lohar16,
  title={Evaluating the interpretation of natural language trace queries},
  author={Lohar, Sugandha and Cleland-Huang, Jane and Rasin, Alexander},
  booktitle={International Working Conference on Requirements Engineering: Foundation for Software Quality},
  pages={85--101},
  year={2016},
  organization={Springer}
}

@InProceedings{corenlp,
  author    = {Manning, Christopher D. and  Surdeanu, Mihai  and  Bauer, John  and  Finkel, Jenny  and  Bethard, Steven J. and  McClosky, David},
  title     = {The {Stanford} {CoreNLP} Natural Language Processing Toolkit},
  booktitle = {Association for Computational Linguistics (ACL) System Demonstrations},
  year      = {2014},
  pages     = {55--60},
  url       = {http://www.aclweb.org/anthology/P/P14/P14-5010}
}

@misc{repo,
  title = {GitHub Repository},
  howpublished = {\url{https://github.uc.edu/cepulide/RSTG-SA}}
}

@article{rake,
  title={Automatic keyword extraction from individual documents},
  author={Rose, Stuart and Engel, Dave and Cramer, Nick and Cowley, Wendy},
  journal={Text Mining: Applications and Theory},
  pages={1--20},
  year={2010},
  publisher={John Wiley \& Sons, Ltd}
}

@article{tfidf,
  title={Term-weighting approaches in automatic text retrieval},
  author={Salton, Gerard and Buckley, Christopher},
  journal={Information processing \& management},
  volume={24},
  number={5},
  pages={513--523},
  year={1988},
  publisher={Elsevier}
}

@misc{networkx,
  title={NetworkX},
  howpublished = {\url{https://networkx.github.io}},
  note = {Accessed: June 2018}
}

@article{memescomposite,
  title={Competing memes propagation on networks: a case study of composite networks},
  author={Wei, Xuetao and Valler, Nicholas and Prakash, B Aditya and Neamtiu, Iulian and Faloutsos, Michalis and Faloutsos, Christos},
  journal={ACM SIGCOMM Computer Communication Review},
  volume={42},
  number={5},
  pages={5--12},
  year={2012},
  publisher={ACM}
}

@misc{cytoscape,
  title={Cytoscape: An Open Source Platform for Complex Network Analysis and Visualization},
  howpublished = {\url{https://networkx.github.io}},
  note = {Accessed: June 2018}
}

@article{spreadingactivation,
  title={A spreading-activation theory of semantic processing.},
  author={Collins, Allan M and Loftus, Elizabeth F},
  journal={Psychological review},
  volume={82},
  number={6},
  pages={407},
  year={1975},
  publisher={American Psychological Association}
}

@unknown{spreadingexample,
author = {Vliet, Marijn},
year = {2015},
month = {09},
pages = {},
title = {Studying semantic relationships using electroencephalography}
}